@book{TAoMP, author = {Herlihy, Maurice and Shavit, Nir},
title = {The Art of Multiprocessor Programming, Revised Reprint},
year = {2012},
isbn = {9780123973375},
publisher = {Morgan Kaufmann Publishers Inc.},
address = {San Francisco, CA, USA},
edition = {1st}
}
@misc{CADS,
  author       = {Nickau, Hanno and Lowe, Gavin},
  url = {https://www.cs.ox.ac.uk/teaching/courses/2023-2024/cads/},
  title        = {Concurrent Algorithms and Data Structures Lecture Notes},
  year         = {2023}
}
@misc{CP,
  author = {Lowe, Gavin},
  url = {https://www.cs.ox.ac.uk/teaching/materials22-23/concurrentprogramming/},
  title = {Concurrent Programming Lecture Slides},
  year = {2022}
}
@misc{LFQueue,
  author       = {Gavin Lowe},
  url={https://www.cs.ox.ac.uk/people/gavin.lowe/LockFreeQueue/lockFreeListAnalysis.pdf},
  title        = {Analysing Lock-Free Linearizable Datatypes using CSP},
  year         = {2017}
}
@misc{Concurrency,
  author = {Gavin Lowe, Bill Roscoe},
  url={https://www.cs.ox.ac.uk/teaching/materials19-20/concurrency/},
  title = {Concurrency Lecture Slides},
  year={2020}
}
@misc{BugSnag,
  author       = {Jamie Lynch},
  howpublished = {Blog},
  title        = {The Worst Computer Bugs in History: Race conditions in Therac-25},
  year         = {2017},
  url ={https://www.bugsnag.com/blog/bug-day-race-condition-therac-25/}
}
@article{MITTR,
  author          = {Rotman, David},
  journal         = {MIT Technology Review},
  number          = {2},
  title           = {The End of the Greatest Prediction on Earth},
  volume          = {123},
  year            = {2020}
}
@misc{Flight501Failure,
  author       = {Independent Inquiry Board},
  howpublished = {Report},
  title        = {ARIANE 5: Flight 501 Failure},
  year         = {1996},
  url ={http://sunnyday.mit.edu/nasa-class/Ariane5-report.html}
}
@misc{MicroTest,
  author       = {Laurie Williams, Gunnar Kudrjavets and Nachiappan Nagappan},
  title        = {On the Effectiveness of Unit Test Automation at Microsoft },
  url ={https://collaboration.csc.ncsu.edu/laurie/Papers/Unit_testing_cameraReady.pdf}
}
@article{LoweLin,
author = {Lowe, Gavin},
title = {Testing for linearizability},
journal = {Concurrency and Computation: Practice and Experience},
volume = {29},
number = {4},
pages = {e3928},
url = {https://onlinelibrary.wiley.com/doi/abs/10.1002/cpe.3928},
year = {2017}
}
@book{PrinciplesOfModelChecking,
  author         = {Christel Baier and Joost-Pieter Katoen},
  publisher      = {MIT Press},
  title          = {Principles of Model Checking},
  year           = {2008}
}
@misc{KnightCapital,
  author       = {Henrico Dolfing},
  title        = {Case Study 4: The \$440 Million Software Error at Knight Capital},
  year         = {2019},
  url={https://www.henricodolfing.com/2019/06/project-failure-case-study-knight-capital.html}
}
@misc{AGift,
  author       = {Sara Baase},
  title        = {A Gift of Fire, 4th Edition},
  year         = {2012},
  url={https://www.philadelphia.edu.jo/academics/lalqoran/uploads/A-Gift-of-Fire-4thEd-2012.pdf}
}
@book{Roscoe,
  author         = {Andrew (Bill) Roscoe},
  publisher      = {Springer},
  title          = {Understanding Concurrent Systems},
  year           = {2010}
}